%% This BibTeX bibliography file was created using BibDesk.
%% http://bibdesk.sourceforge.net/


%% Created for Dan F-M at 2015-02-12 12:24:45 -0500 


%% Saved with string encoding Unicode (UTF-8) 



@article{dressing,
	Adsnote = {Provided by the SAO/NASA Astrophysics Data System},
	Adsurl = {http://adsabs.harvard.edu/abs/2015arXiv150101623D},
	Archiveprefix = {arXiv},
	Author = {{Dressing}, C.~D. and {Charbonneau}, D.},
	Date-Added = {2015-02-12 17:24:12 +0000},
	Date-Modified = {2015-02-12 17:24:16 +0000},
	Eprint = {1501.01623},
	Journal = {ArXiv e-prints},
	Keywords = {Astrophysics - Earth and Planetary Astrophysics, Astrophysics - Solar and Stellar Astrophysics},
	Month = jan,
	Primaryclass = {astro-ph.EP},
	Title = {{The Occurrence of Potentially Habitable Planets Orbiting M Dwarfs Estimated from the Full Kepler Dataset and an Empirical Measurement of the Detection Sensitivity}},
	Year = 2015}

@article{emcee,
	Adsnote = {Provided by the SAO/NASA Astrophysics Data System},
	Adsurl = {http://adsabs.harvard.edu/abs/2013PASP..125..306F},
	Archiveprefix = {arXiv},
	Author = {{Foreman-Mackey}, D. and {Hogg}, D.~W. and {Lang}, D. and {Goodman}, J.},
	Date-Added = {2015-02-12 17:23:00 +0000},
	Date-Modified = {2015-02-12 17:23:04 +0000},
	Doi = {10.1086/670067},
	Eprint = {1202.3665},
	Journal = {\pasp},
	Keywords = {Data Analysis and Techniques},
	Month = mar,
	Pages = {306-312},
	Primaryclass = {astro-ph.IM},
	Title = {{emcee: The MCMC Hammer}},
	Volume = 125,
	Year = 2013,
	Bdsk-Url-1 = {http://dx.doi.org/10.1086/670067}}

@article{dfm,
	Adsnote = {Provided by the SAO/NASA Astrophysics Data System},
	Adsurl = {http://adsabs.harvard.edu/abs/2014ApJ...795...64F},
	Archiveprefix = {arXiv},
	Author = {{Foreman-Mackey}, D. and {Hogg}, D.~W. and {Morton}, T.~D.},
	Date-Added = {2015-02-12 17:22:39 +0000},
	Date-Modified = {2015-02-12 17:22:43 +0000},
	Doi = {10.1088/0004-637X/795/1/64},
	Eid = {64},
	Eprint = {1406.3020},
	Journal = {\apj},
	Keywords = {catalogs, methods: data analysis, methods: statistical, planetary systems, stars: statistics},
	Month = nov,
	Pages = {64},
	Primaryclass = {astro-ph.EP},
	Title = {{Exoplanet Population Inference and the Abundance of Earth Analogs from Noisy, Incomplete Catalogs}},
	Volume = 795,
	Year = 2014,
	Bdsk-Url-1 = {http://dx.doi.org/10.1088/0004-637X/795/1/64}}

@inproceedings{dun,
	Adsnote = {Provided by the SAO/NASA Astrophysics Data System},
	Adsurl = {http://adsabs.harvard.edu/abs/2015AAS...22525808W},
	Author = {{Wang}, D. and {Foreman-Mackey}, D. and {Hogg}, D.~W. and {Sch{\"o}lkopf}, B.},
	Booktitle = {American Astronomical Society Meeting Abstracts},
	Date-Added = {2015-02-12 16:13:05 +0000},
	Date-Modified = {2015-02-12 17:06:08 +0000},
	Month = jan,
	Pages = {258.08},
	Series = {American Astronomical Society Meeting Abstracts},
	Title = {{Calibrating the pixel-level Kepler imaging data with a causal data-driven model}},
	Volume = 225,
	Year = 2015}

@article{arc,
	Adsnote = {Provided by the SAO/NASA Astrophysics Data System},
	Adsurl = {http://adsabs.harvard.edu/abs/2013MNRAS.435.3639R},
	Archiveprefix = {arXiv},
	Author = {{Roberts}, S. and {McQuillan}, A. and {Reece}, S. and {Aigrain}, S.},
	Date-Added = {2015-02-12 16:08:41 +0000},
	Date-Modified = {2015-02-12 16:08:46 +0000},
	Doi = {10.1093/mnras/stt1555},
	Eprint = {1308.3644},
	Journal = {\mnras},
	Keywords = {methods: data analysis, techniques: photometric},
	Month = nov,
	Pages = {3639-3653},
	Primaryclass = {astro-ph.IM},
	Title = {{Astrophysically robust systematics removal using variational inference: application to the first month of Kepler data}},
	Volume = 435,
	Year = 2013,
	Bdsk-Url-1 = {http://dx.doi.org/10.1093/mnras/stt1555}}

@article{Aigrain:2015,
	Adsnote = {Provided by the SAO/NASA Astrophysics Data System},
	Adsurl = {http://adsabs.harvard.edu/abs/2015MNRAS.447.2880A},
	Archiveprefix = {arXiv},
	Author = {{Aigrain}, S. and {Hodgkin}, S.~T. and {Irwin}, M.~J. and {Lewis}, J.~R. and {Roberts}, S.~J.},
	Date-Added = {2015-02-12 16:07:02 +0000},
	Date-Modified = {2015-02-12 16:07:10 +0000},
	Doi = {10.1093/mnras/stu2638},
	Eprint = {1412.6304},
	Journal = {\mnras},
	Keywords = {methods: data analysis, techniques: photometric},
	Month = mar,
	Pages = {2880-2893},
	Primaryclass = {astro-ph.IM},
	Title = {{Precise time series photometry for the Kepler-2.0 mission}},
	Volume = 447,
	Year = 2015,
	Bdsk-Url-1 = {http://dx.doi.org/10.1093/mnras/stu2638}}

@inproceedings{Ricker:2014,
	Adsnote = {Provided by the SAO/NASA Astrophysics Data System},
	Adsurl = {http://adsabs.harvard.edu/abs/2014SPIE.9143E..20R},
	Archiveprefix = {arXiv},
	Author = {{Ricker}, G.~R. and {Winn}, J.~N. and {Vanderspek}, R. and {Latham}, D.~W. and {Bakos}, G.~{\'A}. and {Bean}, J.~L. and {Berta-Thompson}, Z.~K. and {Brown}, T.~M. and {Buchhave}, L. and {Butler}, N.~R. and {Butler}, R.~P. and {Chaplin}, W.~J. and {Charbonneau}, D. and {Christensen-Dalsgaard}, J. and {Clampin}, M. and {Deming}, D. and {Doty}, J. and {De Lee}, N. and {Dressing}, C. and {Dunham}, E.~W. and {Endl}, M. and {Fressin}, F. and {Ge}, J. and {Henning}, T. and {Holman}, M.~J. and {Howard}, A.~W. and {Ida}, S. and {Jenkins}, J. and {Jernigan}, G. and {Johnson}, J.~A. and {Kaltenegger}, L. and {Kawai}, N. and {Kjeldsen}, H. and {Laughlin}, G. and {Levine}, A.~M. and {Lin}, D. and {Lissauer}, J.~J. and {MacQueen}, P. and {Marcy}, G. and {McCullough}, P.~R. and {Morton}, T.~D. and {Narita}, N. and {Paegert}, M. and {Palle}, E. and {Pepe}, F. and {Pepper}, J. and {Quirrenbach}, A. and {Rinehart}, S.~A. and {Sasselov}, D. and {Sato}, B. and {Seager}, S. and {Sozzetti}, A. and {Stassun}, K.~G. and {Sullivan}, P. and {Szentgyorgyi}, A. and {Torres}, G. and {Udry}, S. and {Villasenor}, J.},
	Booktitle = {Society of Photo-Optical Instrumentation Engineers (SPIE) Conference Series},
	Doi = {10.1117/12.2063489},
	Eid = {914320},
	Eprint = {1406.0151},
	Month = aug,
	Pages = {20},
	Primaryclass = {astro-ph.EP},
	Series = {Society of Photo-Optical Instrumentation Engineers (SPIE) Conference Series},
	Title = {{Transiting Exoplanet Survey Satellite (TESS)}},
	Volume = 9143,
	Year = 2014,
	Bdsk-Url-1 = {http://dx.doi.org/10.1117/12.2063489}}

@article{Howell:2014,
	Adsnote = {Provided by the SAO/NASA Astrophysics Data System},
	Adsurl = {http://adsabs.harvard.edu/abs/2014PASP..126..398H},
	Archiveprefix = {arXiv},
	Author = {{Howell}, S.~B. and {Sobeck}, C. and {Haas}, M. and {Still}, M. and {Barclay}, T. and {Mullally}, F. and {Troeltzsch}, J. and {Aigrain}, S. and {Bryson}, S.~T. and {Caldwell}, D. and {Chaplin}, W.~J. and {Cochran}, W.~D. and {Huber}, D. and {Marcy}, G.~W. and {Miglio}, A. and {Najita}, J.~R. and {Smith}, M. and {Twicken}, J.~D. and {Fortney}, J.~J.},
	Doi = {10.1086/676406},
	Eprint = {1402.5163},
	Journal = {\pasp},
	Keywords = {Astronomical Instrumentation},
	Month = apr,
	Pages = {398-408},
	Primaryclass = {astro-ph.IM},
	Title = {{The K2 Mission: Characterization and Early Results}},
	Volume = 126,
	Year = 2014,
	Bdsk-Url-1 = {http://dx.doi.org/10.1086/676406}}

@article{Gilliland:2011,
	Adsnote = {Provided by the SAO/NASA Astrophysics Data System},
	Adsurl = {http://adsabs.harvard.edu/abs/2011ApJS..197....6G},
	Archiveprefix = {arXiv},
	Author = {{Gilliland}, R.~L. and {Chaplin}, W.~J. and {Dunham}, E.~W. and {Argabright}, V.~S. and {Borucki}, W.~J. and {Basri}, G. and {Bryson}, S.~T. and {Buzasi}, D.~L. and {Caldwell}, D.~A. and {Elsworth}, Y.~P. and {Jenkins}, J.~M. and {Koch}, D.~G. and {Kolodziejczak}, J. and {Miglio}, A. and {van Cleve}, J. and {Walkowicz}, L.~M. and {Welsh}, W.~F.},
	Doi = {10.1088/0067-0049/197/1/6},
	Eid = {6},
	Eprint = {1107.5207},
	Journal = {\apjs},
	Keywords = {methods: observational, stars: activity, stars: late-type, stars: oscillations, stars: statistics, techniques: photometric},
	Month = nov,
	Pages = {6},
	Primaryclass = {astro-ph.SR},
	Title = {{Kepler Mission Stellar and Instrument Noise Properties}},
	Volume = 197,
	Year = 2011,
	Bdsk-Url-1 = {http://dx.doi.org/10.1088/0067-0049/197/1/6}}

@article{Barclay:2013,
	Adsnote = {Provided by the SAO/NASA Astrophysics Data System},
	Adsurl = {http://adsabs.harvard.edu/abs/2013Natur.494..452B},
	Archiveprefix = {arXiv},
	Author = {{Barclay}, T. and {Rowe}, J.~F. and {Lissauer}, J.~J. and {Huber}, D. and {Fressin}, F. and {Howell}, S.~B. and {Bryson}, S.~T. and {Chaplin}, W.~J. and {D{\'e}sert}, J.-M. and {Lopez}, E.~D. and {Marcy}, G.~W. and {Mullally}, F. and {Ragozzine}, D. and {Torres}, G. and {Adams}, E.~R. and {Agol}, E. and {Barrado}, D. and {Basu}, S. and {Bedding}, T.~R. and {Buchhave}, L.~A. and {Charbonneau}, D. and {Christiansen}, J.~L. and {Christensen-Dalsgaard}, J. and {Ciardi}, D. and {Cochran}, W.~D. and {Dupree}, A.~K. and {Elsworth}, Y. and {Everett}, M. and {Fischer}, D.~A. and {Ford}, E.~B. and {Fortney}, J.~J. and {Geary}, J.~C. and {Haas}, M.~R. and {Handberg}, R. and {Hekker}, S. and {Henze}, C.~E. and {Horch}, E. and {Howard}, A.~W. and {Hunter}, R.~C. and {Isaacson}, H. and {Jenkins}, J.~M. and {Karoff}, C. and {Kawaler}, S.~D. and {Kjeldsen}, H. and {Klaus}, T.~C. and {Latham}, D.~W. and {Li}, J. and {Lillo-Box}, J. and {Lund}, M.~N. and {Lundkvist}, M. and {Metcalfe}, T.~S. and {Miglio}, A. and {Morris}, R.~L. and {Quintana}, E.~V. and {Stello}, D. and {Smith}, J.~C. and {Still}, M. and {Thompson}, S.~E.},
	Doi = {10.1038/nature11914},
	Eprint = {1305.5587},
	Journal = {\nat},
	Month = feb,
	Pages = {452-454},
	Primaryclass = {astro-ph.EP},
	Title = {{A sub-Mercury-sized exoplanet}},
	Volume = 494,
	Year = 2013,
	Bdsk-Url-1 = {http://dx.doi.org/10.1038/nature11914}}

@article{Morton:2011,
	Adsnote = {Provided by the SAO/NASA Astrophysics Data System},
	Adsurl = {http://adsabs.harvard.edu/abs/2011ApJ...738..170M},
	Archiveprefix = {arXiv},
	Author = {{Morton}, T.~D. and {Johnson}, J.~A.},
	Date-Added = {2015-02-07 15:16:03 +0000},
	Date-Modified = {2015-02-07 15:16:08 +0000},
	Doi = {10.1088/0004-637X/738/2/170},
	Eid = {170},
	Eprint = {1101.5630},
	Journal = {\apj},
	Keywords = {methods: statistical, planets and satellites: general, stars: statistics},
	Month = sep,
	Pages = {170},
	Primaryclass = {astro-ph.EP},
	Title = {{On the Low False Positive Probabilities of Kepler Planet Candidates}},
	Volume = 738,
	Year = 2011,
	Bdsk-Url-1 = {http://dx.doi.org/10.1088/0004-637X/738/2/170}}

@article{Vanderburg:2015,
	Adsnote = {Provided by the SAO/NASA Astrophysics Data System},
	Adsurl = {http://adsabs.harvard.edu/abs/2014arXiv1412.5674V},
	Archiveprefix = {arXiv},
	Author = {{Vanderburg}, A. and {Montet}, B.~T. and {Johnson}, J.~A. and {Buchhave}, L.~A. and {Zeng}, L. and {Pepe}, F. and {Collier Cameron}, A. and {Latham}, D.~W. and {Molinari}, E. and {Udry}, S. and {Lovis}, C. and {Matthews}, J.~M. and {Cameron}, C. and {Law}, N. and {Bowler}, B.~P. and {Angus}, R. and {Baranec}, C. and {Bieryla}, A. and {Boschin}, W. and {Charbonneau}, D. and {Cosentino}, R. and {Dumusque}, X. and {Figueira}, P. and {Guenther}, D.~B. and {Harutyunyan}, A. and {Hellier}, C. and {Kuschnig}, R. and {Lopez-Morales}, M. and {Mayor}, M. and {Micela}, G. and {Moffat}, A.~F.~J. and {Pedani}, M. and {Phillips}, D.~F. and {Piotto}, G. and {Pollacco}, D. and {Queloz}, D. and {Rice}, K. and {Riddle}, R. and {Rowe}, J.~F. and {Rucinski}, S.~M. and {Sasselov}, D. and {Segransan}, D. and {Sozzetti}, A. and {Szentgyorgyi}, A. and {Watson}, C. and {Weiss}, W.~W.},
	Date-Added = {2015-02-07 15:07:15 +0000},
	Date-Modified = {2015-02-07 15:11:25 +0000},
	Eprint = {1412.5674},
	Journal = {ArXiv e-prints},
	Keywords = {Astrophysics - Earth and Planetary Astrophysics, Astrophysics - Solar and Stellar Astrophysics},
	Month = dec,
	Primaryclass = {astro-ph.EP},
	Title = {{Characterizing K2 Planet Discoveries: A super-Earth transiting the bright K-dwarf HIP 116454}},
	Year = 2014}

@article{Vanderburg:2014,
	Adsnote = {Provided by the SAO/NASA Astrophysics Data System},
	Adsurl = {http://adsabs.harvard.edu/abs/2014PASP..126..948V},
	Archiveprefix = {arXiv},
	Author = {{Vanderburg}, A. and {Johnson}, J.~A.},
	Date-Added = {2015-02-07 15:07:03 +0000},
	Date-Modified = {2015-02-07 15:11:15 +0000},
	Doi = {10.1086/678764},
	Eprint = {1408.3853},
	Journal = {\pasp},
	Keywords = {Data Analysis and Techniques},
	Month = dec,
	Pages = {948-958},
	Primaryclass = {astro-ph.IM},
	Title = {{A Technique for Extracting Highly Precise Photometry for the Two-Wheeled Kepler Mission}},
	Volume = 126,
	Year = 2014,
	Bdsk-Url-1 = {http://dx.doi.org/10.1086/678764}}

@article{pdc2,
	Adsnote = {Provided by the SAO/NASA Astrophysics Data System},
	Adsurl = {http://adsabs.harvard.edu/abs/2012PASP..124.1000S},
	Archiveprefix = {arXiv},
	Author = {{Smith}, J.~C. and {Stumpe}, M.~C. and {Van Cleve}, J.~E. and {Jenkins}, J.~M. and {Barclay}, T.~S. and {Fanelli}, M.~N. and {Girouard}, F.~R. and {Kolodziejczak}, J.~J. and {McCauliff}, S.~D. and {Morris}, R.~L. and {Twicken}, J.~D.},
	Date-Added = {2015-02-07 15:05:52 +0000},
	Date-Modified = {2015-02-07 15:05:56 +0000},
	Doi = {10.1086/667697},
	Eprint = {1203.1383},
	Journal = {\pasp},
	Keywords = {Data Analysis and Techniques},
	Month = sep,
	Pages = {1000-1014},
	Primaryclass = {astro-ph.IM},
	Title = {{Kepler Presearch Data Conditioning II - A Bayesian Approach to Systematic Error Correction}},
	Volume = 124,
	Year = 2012,
	Bdsk-Url-1 = {http://dx.doi.org/10.1086/667697}}

@article{pdc1,
	Adsnote = {Provided by the SAO/NASA Astrophysics Data System},
	Adsurl = {http://adsabs.harvard.edu/abs/2012PASP..124..985S},
	Archiveprefix = {arXiv},
	Author = {{Stumpe}, M.~C. and {Smith}, J.~C. and {Van Cleve}, J.~E. and {Twicken}, J.~D. and {Barclay}, T.~S. and {Fanelli}, M.~N. and {Girouard}, F.~R. and {Jenkins}, J.~M. and {Kolodziejczak}, J.~J. and {McCauliff}, S.~D. and {Morris}, R.~L.},
	Date-Added = {2015-02-07 15:05:30 +0000},
	Date-Modified = {2015-02-07 15:16:36 +0000},
	Doi = {10.1086/667698},
	Eprint = {1203.1382},
	Journal = {\pasp},
	Keywords = {Data Analysis and Techniques},
	Month = sep,
	Pages = {985-999},
	Primaryclass = {astro-ph.IM},
	Title = {{Kepler Presearch Data Conditioning I - Architecture and Algorithms for Error Correction in Kepler Light Curves}},
	Volume = 124,
	Year = 2012,
	Bdsk-Url-1 = {http://dx.doi.org/10.1086/667698}}

@article{cdpp,
	Adsnote = {Provided by the SAO/NASA Astrophysics Data System},
	Adsurl = {http://adsabs.harvard.edu/abs/2012PASP..124.1279C},
	Archiveprefix = {arXiv},
	Author = {{Christiansen}, J.~L. and {Jenkins}, J.~M. and {Caldwell}, D.~A. and {Burke}, C.~J. and {Tenenbaum}, P. and {Seader}, S. and {Thompson}, S.~E. and {Barclay}, T.~S. and {Clarke}, B.~D. and {Li}, J. and {Smith}, J.~C. and {Stumpe}, M.~C. and {Twicken}, J.~D. and {Van Cleve}, J.},
	Date-Added = {2015-02-07 15:05:01 +0000},
	Date-Modified = {2015-02-07 15:05:06 +0000},
	Doi = {10.1086/668847},
	Eprint = {1208.0595},
	Journal = {\pasp},
	Keywords = {Extrasolar Planets},
	Month = dec,
	Pages = {1279-1287},
	Primaryclass = {astro-ph.EP},
	Title = {{The Derivation, Properties, and Value of Kepler''s Combined Differential Photometric Precision}},
	Volume = 124,
	Year = 2012,
	Bdsk-Url-1 = {http://dx.doi.org/10.1086/668847}}

@article{astrometry,
	Adsnote = {Provided by the SAO/NASA Astrophysics Data System},
	Adsurl = {http://adsabs.harvard.edu/abs/2010AJ....139.1782L},
	Archiveprefix = {arXiv},
	Author = {{Lang}, D. and {Hogg}, D.~W. and {Mierle}, K. and {Blanton}, M. and {Roweis}, S.},
	Date-Added = {2015-02-07 15:04:03 +0000},
	Date-Modified = {2015-02-07 15:04:10 +0000},
	Doi = {10.1088/0004-6256/139/5/1782},
	Eprint = {0910.2233},
	Journal = {\aj},
	Keywords = {astrometry, catalogs, instrumentation: miscellaneous, methods: data analysis, methods: statistical, techniques: image processing},
	Month = may,
	Pages = {1782-1800},
	Primaryclass = {astro-ph.IM},
	Title = {{Astrometry.net: Blind Astrometric Calibration of Arbitrary Astronomical Images}},
	Volume = 139,
	Year = 2010,
	Bdsk-Url-1 = {http://dx.doi.org/10.1088/0004-6256/139/5/1782}}

@article{Crossfield:2015,
	Adsnote = {Provided by the SAO/NASA Astrophysics Data System},
	Adsurl = {http://adsabs.harvard.edu/abs/2015arXiv150103798C},
	Archiveprefix = {arXiv},
	Author = {{Crossfield}, I.~J.~M. and {Petigura}, E. and {Schlieder}, J. and {Howard}, A.~W. and {Fulton}, B.~J. and {Aller}, K.~M. and {Ciardi}, D.~R. and {Lepine}, S. and {Barclay}, T. and {de Pater}, I. and {de Kleer}, K. and {Quintana}, E.~V. and {Christiansen}, J.~L. and {Schlafly}, E. and {Kaltenegger}, L. and {Crepp}, J.~R. and {Henning}, T. and {Obermeier}, C. and {Deacon}, N. and {Hansen}, B.~M.~S. and {Liu}, M.~C. and {Greene}, T. and {Howell}, S.~B. and {Barman}, T. and {Mordasini}, C.},
	Date-Added = {2015-02-07 14:55:35 +0000},
	Date-Modified = {2015-02-07 15:13:15 +0000},
	Eprint = {1501.03798},
	Journal = {ArXiv e-prints},
	Keywords = {Astrophysics - Earth and Planetary Astrophysics, Astrophysics - Solar and Stellar Astrophysics},
	Month = jan,
	Primaryclass = {astro-ph.EP},
	Title = {{A nearby M star with three transiting super-Earths discovered by K2}},
	Year = 2015}
